<record><leader>00000cas a22000007a 4500</leader><controlfield tag="001">12546211</controlfield><controlfield tag="008">850913d18791882utuwr ne      0    0eng d</controlfield><datafield ind1=" " ind2=" " tag="010"><subfield code="a">sn 85058240 </subfield></datafield><datafield ind1=" " ind2=" " tag="040"><subfield code="a">UNP</subfield><subfield code="b">eng</subfield><subfield code="c">UNP</subfield><subfield code="d">OCLCQ</subfield></datafield><datafield ind1=" " ind2=" " tag="042"><subfield code="a">msc</subfield></datafield><datafield ind1="0" ind2="4" tag="245"><subfield code="a">The Logan leader.</subfield></datafield><datafield ind1=" " ind2=" " tag="260"><subfield code="a">Logan, Utah :</subfield><subfield code="b">Junction Printing Association</subfield></datafield><datafield ind1=" " ind2=" " tag="300"><subfield code="a">v.</subfield></datafield><datafield ind1=" " ind2=" " tag="310"><subfield code="a">Weekly</subfield></datafield><datafield ind1="1" ind2=" " tag="362"><subfield code="a">Began with Sept. 11, 1879 issue; ceased in July 1882.</subfield><subfield code="z">Cf. Alter, J.C. Early Utah journalism.</subfield></datafield><datafield ind1=" " ind2=" " tag="580"><subfield code="a">Continued by: Utah leader (non-extant?). Cf. NIM, 1948-83.</subfield></datafield><datafield ind1=" " ind2=" " tag="588"><subfield code="a">Description based on: Vol. 1, no. 23 (Feb. 13, 1880).</subfield></datafield><datafield ind1=" " ind2=" " tag="752"><subfield code="a">United States</subfield><subfield code="b">Utah</subfield><subfield code="c">Cache</subfield><subfield code="d">Logan.</subfield></datafield><datafield ind1="1" ind2="0" tag="785"><subfield code="t">Utah leader</subfield></datafield></record>